@article{rag_lewis2020,
  title={Retrieval-Augmented Generation for Knowledge-Intensive NLP},
  author={Lewis, Patrick and Perez, Ethan and Piktus, Aleksandra and Petroni, Fabio and Karpukhin, Vladimir and Goyal, Naman and Kulkarni, Heinrich and Lewis, Mike and Yih, Wen-tau and Rockt{"a}schel, Tim and others},
  journal={Advances in Neural Information Processing Systems},
  year={2020}
}

@misc{llama2_2023,
  title={Llama 2: Open Foundation and Fine-Tuned Chat Models},
  author={Touvron, Hugo and Lavril, Louis and Izacard, Gautier and others},
  year={2023},
  howpublished={Meta AI},
  note={arXiv:2307.09288}
}

@inproceedings{faiss_johnson2019,
  title={Billion-scale similarity search with GPUs},
  author={Johnson, Jeff and Douze, Matthijs and J{\'e}gou, Herv{\'e}},
  booktitle={IEEE Transactions on Big Data},
  year={2019}
}

@misc{flask_pallets,
  title={Flask Documentation},
  author={Pallets Team},
  howpublished={https://flask.palletsprojects.com/},
  year={2024}
}

@misc{react_docs,
  title={React Documentation},
  author={React Core Team},
  howpublished={https://react.dev/},
  year={2024}
}

@misc{faiss_docs,
  title={FAISS: A library for efficient similarity search and clustering},
  author={Facebook AI Research},
  howpublished={https://github.com/facebookresearch/faiss},
  year={2024}
}

@misc{edge_tts,
  title={edge-tts Documentation},
  author={Microsoft},
  howpublished={https://pypi.org/project/edge-tts/},
  year={2024}
}

@misc{pdfplumber,
  title={pdfplumber Documentation},
  author={jsvine},
  howpublished={https://github.com/jsvine/pdfplumber},
  year={2024}
}

@misc{sentence_transformers,
  title={Sentence-Transformers Documentation},
  author={UKP Lab},
  howpublished={https://www.sbert.net/},
  year={2024}
}

@misc{mongodb_docs,
  title={MongoDB Manual},
  author={MongoDB Inc.},
  howpublished={https://www.mongodb.com/docs/},
  year={2024}
}
